@manual{lab-manual,
	author = { Poman So, Adam Zielinski },
	title = { {Laboratory Manual for ELEC 300 - Linear Circuits II} },
	date = {January 2013},
	OPTorganization = { {Department of Electrical and Computer Engineering} },
	publisher = { {University of Victoria} }
}
